<?xml version="1.0" encoding="UTF-8"?>
<collection xmlns:xsi="http://www.w3.org/2001/XMLSchema-instance" xsi:schemaLocation="http://www.loc.gov/MARC21/slim http://www.loc.gov/standards/marcxml/schema/MARC21slim.xsd" xmlns="http://www.loc.gov/MARC21/slim">
<record>
  <leader>00895cam a2200253Ia 4500</leader>
  <controlfield tag="001">5367569</controlfield>
  <controlfield tag="003">NNC</controlfield>
  <controlfield tag="005">20130501152438.0</controlfield>
  <controlfield tag="008">981230s1966    iq       b    000 0 arard</controlfield>
  <datafield tag="010" ind1=" " ind2=" ">
    <subfield code="a">ne 66001936 </subfield>
  </datafield>
  <datafield tag="035" ind1=" " ind2=" ">
    <subfield code="a">(OCoLC)ocm40556676</subfield>
  </datafield>
  <datafield tag="035" ind1=" " ind2=" ">
    <subfield code="a">(NNC)5367569</subfield>
  </datafield>
  <datafield tag="040" ind1=" " ind2=" ">
    <subfield code="a">CUD</subfield>
    <subfield code="c">CUD</subfield>
    <subfield code="d">OCL</subfield>
    <subfield code="d">OSU</subfield>
    <subfield code="d">ZCU</subfield>
  </datafield>
  <datafield tag="099" ind1=" " ind2=" ">
    <subfield code="a">956</subfield>
    <subfield code="a">Ir27 v.10</subfield>
  </datafield>
  <datafield tag="100" ind1="1" ind2=" ">
    <subfield code="a">Ṭāʼī, Khiḍr.</subfield>
  </datafield>
  <datafield tag="245" ind1="1" ind2="0">
    <subfield code="a">Abū Tammām al-Ṭāʾī /</subfield>
    <subfield code="c">taʾlīf Khiḍr al-Ṭāʾī.</subfield>
  </datafield>
  <datafield tag="260" ind1=" " ind2=" ">
    <subfield code="a">Baghdād :</subfield>
    <subfield code="b">Dār al-Jumhūrīyah,</subfield>
    <subfield code="c">1966.</subfield>
  </datafield>
  <datafield tag="300" ind1=" " ind2=" ">
    <subfield code="a">148 p. ;</subfield>
    <subfield code="c">23 cm.</subfield>
  </datafield>
  <datafield tag="490" ind1="1" ind2=" ">
    <subfield code="a">Silsilat al-kutub al-ḥadīthah ;</subfield>
    <subfield code="v">10</subfield>
  </datafield>
  <datafield tag="504" ind1=" " ind2=" ">
    <subfield code="a">Bibliography: p. 145-146.</subfield>
  </datafield>
  <datafield tag="600" ind1="1" ind2="0">
    <subfield code="a">Farrūkh, ʻUmar,</subfield>
    <subfield code="d">1906-</subfield>
    <subfield code="t">Abū Tammām.</subfield>
  </datafield>
  <datafield tag="600" ind1="0" ind2="0">
    <subfield code="a">Abū Tammām Ḥabīb ibn Aws al-Ṭāʼī,</subfield>
    <subfield code="d">active 808-842.</subfield>
  </datafield>
  <datafield tag="830" ind1=" " ind2="0">
    <subfield code="a">Silsilat al-kutub al-ḥadīthah (Iraq. Wizārat al-Thaqāfah wa-al-Irshād) ;</subfield>
    <subfield code="v">10.</subfield>
  </datafield>
  <datafield tag="955" ind1=" " ind2=" ">
    <subfield code="b">0026812550</subfield>
    <subfield code="d">glx</subfield>
    <subfield code="e">956 Ir27 v.10</subfield>
  </datafield>
</record>
</collection>